<record><leader>00000cas a2200000 a 4500</leader><controlfield tag="001">14584908</controlfield><controlfield tag="008">861031c19769999okumx ne      0    0eng c</controlfield><datafield ind1=" " ind2=" " tag="010"><subfield code="a">sn 86090558 </subfield></datafield><datafield ind1=" " ind2=" " tag="040"><subfield code="a">PPM</subfield><subfield code="b">eng</subfield><subfield code="c">PPM</subfield><subfield code="d">OCL</subfield><subfield code="d">ANU</subfield><subfield code="d">CNK</subfield><subfield code="d">OBN</subfield><subfield code="d">CVF</subfield><subfield code="d">NYS</subfield><subfield code="d">OCLCQ</subfield><subfield code="d">OCLCF</subfield><subfield code="d">OCLCO</subfield></datafield><datafield ind1=" " ind2=" " tag="019"><subfield code="a">6188883</subfield></datafield><datafield ind1="1" ind2=" " tag="029"><subfield code="a">AU@</subfield><subfield code="b">000020446173</subfield></datafield><datafield ind1=" " ind2=" " tag="042"><subfield code="a">pcc</subfield></datafield><datafield ind1=" " ind2=" " tag="043"><subfield code="a">n-us-ok</subfield></datafield><datafield ind1="0" ind2="4" tag="245"><subfield code="a">The Chickasaw times.</subfield></datafield><datafield ind1=" " ind2=" " tag="260"><subfield code="a">Sulphur, OK. :</subfield><subfield code="b">Chickasaw Advisory Council,</subfield><subfield code="c">1976-</subfield></datafield><datafield ind1=" " ind2=" " tag="300"><subfield code="a">v. ;</subfield><subfield code="c">36 cm.</subfield></datafield><datafield ind1=" " ind2=" " tag="310"><subfield code="a">Monthly (irregular),</subfield><subfield code="b">Mar. 1983-</subfield></datafield><datafield ind1=" " ind2=" " tag="321"><subfield code="a">Quarterly,</subfield><subfield code="b">Apr./May/June 1976-Oct./Nov./Dec. 1979</subfield></datafield><datafield ind1=" " ind2=" " tag="321"><subfield code="a">Bimonthly,</subfield><subfield code="b">Jan./Feb. 1980-Jan./Feb. 1983</subfield></datafield><datafield ind1="0" ind2=" " tag="362"><subfield code="a">5th year, no. 2 (Apr./May/June 1976)-</subfield></datafield><datafield ind1=" " ind2=" " tag="500"><subfield code="a">Published in Ada, Okla., Jan. 1977-</subfield></datafield><datafield ind1=" " ind2=" " tag="515"><subfield code="a">Suspended with Aug./Sept. 1986 issue. Resumed with Jan. 1987 issue.</subfield></datafield><datafield ind1=" " ind2=" " tag="550"><subfield code="a">"Official publication of the Chickasaw Nation."</subfield></datafield><datafield ind1=" " ind2=" " tag="588"><subfield code="a">Latest issue consulted: Vol. XXXVI, no. 8 (Aug. 2001).</subfield></datafield><datafield ind1=" " ind2="0" tag="650"><subfield code="a">Chickasaw Indians</subfield><subfield code="z">Oklahoma</subfield><subfield code="v">Newspapers.</subfield></datafield><datafield ind1=" " ind2="0" tag="650"><subfield code="a">Indians of North America</subfield><subfield code="z">Oklahoma</subfield><subfield code="v">Newspapers.</subfield></datafield><datafield ind1=" " ind2="0" tag="651"><subfield code="a">Ada (Okla.)</subfield><subfield code="v">Newspapers.</subfield></datafield><datafield ind1=" " ind2="0" tag="651"><subfield code="a">Sulphur (Okla.)</subfield><subfield code="v">Newspapers.</subfield></datafield><datafield ind1=" " ind2="0" tag="651"><subfield code="a">Pontotoc County (Okla.)</subfield><subfield code="v">Newspapers.</subfield></datafield><datafield ind1=" " ind2="0" tag="651"><subfield code="a">Murray County (Okla.)</subfield><subfield code="v">Newspapers.</subfield></datafield><datafield ind1=" " ind2="7" tag="655"><subfield code="a">Newspapers.</subfield><subfield code="2">fast</subfield><subfield code="0">(OCoLC)fst01423814</subfield></datafield><datafield ind1=" " ind2="7" tag="650"><subfield code="a">Chickasaw Indians.</subfield><subfield code="2">fast</subfield><subfield code="0">(OCoLC)fst00854060</subfield></datafield><datafield ind1=" " ind2="7" tag="650"><subfield code="a">Indians of North America.</subfield><subfield code="2">fast</subfield><subfield code="0">(OCoLC)fst00969633</subfield></datafield><datafield ind1=" " ind2="7" tag="651"><subfield code="a">Oklahoma.</subfield><subfield code="2">fast</subfield><subfield code="0">(OCoLC)fst01205031</subfield></datafield><datafield ind1=" " ind2="7" tag="651"><subfield code="a">Oklahoma</subfield><subfield code="z">Ada.</subfield><subfield code="2">fast</subfield><subfield code="0">(OCoLC)fst01208682</subfield></datafield><datafield ind1=" " ind2="7" tag="651"><subfield code="a">Oklahoma</subfield><subfield code="z">Murray County.</subfield><subfield code="2">fast</subfield><subfield code="0">(OCoLC)fst01223980</subfield></datafield><datafield ind1=" " ind2="7" tag="651"><subfield code="a">Oklahoma</subfield><subfield code="z">Pontotoc County.</subfield><subfield code="2">fast</subfield><subfield code="0">(OCoLC)fst01215847</subfield></datafield><datafield ind1=" " ind2="7" tag="651"><subfield code="a">Oklahoma</subfield><subfield code="z">Sulphur.</subfield><subfield code="2">fast</subfield><subfield code="0">(OCoLC)fst01227547</subfield></datafield><datafield ind1=" " ind2=" " tag="752"><subfield code="a">United States</subfield><subfield code="b">Oklahoma</subfield><subfield code="c">Murray</subfield><subfield code="d">Sulphur.</subfield></datafield><datafield ind1=" " ind2=" " tag="752"><subfield code="a">United States</subfield><subfield code="b">Oklahoma</subfield><subfield code="c">Pontotoc</subfield><subfield code="d">Ada.</subfield></datafield><datafield ind1="0" ind2="0" tag="780"><subfield code="t">Chickasaw newsletter</subfield><subfield code="w">(OCoLC)20598925</subfield></datafield></record>